
@book {Kallenberg,
    AUTHOR = {Kallenberg, Olav},
     TITLE = {Foundations of modern probability},
    SERIES = {Probability and its Applications (New York)},
   EDITION = {Second},
 PUBLISHER = {Springer-Verlag, New York},
      YEAR = {2002},
     PAGES = {xx+638},
      ISBN = {0-387-95313-2},
   MRCLASS = {60-01},
  MRNUMBER = {1876169 (2002m:60002)},
MRREVIEWER = {Klaus D. Schmidt},
       DOI = {10.1007/978-1-4757-4015-8},
       URL = {http://dx.doi.org/10.1007/978-1-4757-4015-8},
}

@book {MR1324786,
    AUTHOR = {Billingsley, Patrick},
     TITLE = {Probability and measure},
    SERIES = {Wiley Series in Probability and Mathematical Statistics},
   EDITION = {Third},
      NOTE = {A Wiley-Interscience Publication},
 PUBLISHER = {John Wiley \& Sons, Inc., New York},
      YEAR = {1995},
     PAGES = {xiv+593},
      ISBN = {0-471-00710-2},
   MRCLASS = {60-01 (28-01)},
  MRNUMBER = {1324786 (95k:60001)},
}

@book {MR1700749,
    AUTHOR = {Billingsley, Patrick},
     TITLE = {Convergence of probability measures},
    SERIES = {Wiley Series in Probability and Statistics: Probability and
              Statistics},
   EDITION = {Second},
      NOTE = {A Wiley-Interscience Publication},
 PUBLISHER = {John Wiley \& Sons, Inc., New York},
      YEAR = {1999},
     PAGES = {x+277},
      ISBN = {0-471-19745-9},
   MRCLASS = {60B10 (28A33 60F17)},
  MRNUMBER = {1700749 (2000e:60008)},
       DOI = {10.1002/9780470316962},
       URL = {http://dx.doi.org/10.1002/9780470316962},
}

